@inproceedings{abernethyBlackwell2011,
  title = {Blackwell {{Approachability}} and {{No-Regret Learning}} Are {{Equivalent}}},
  booktitle = {Proceedings of the 24th {{Annual Conference}} on {{Learning Theory}}},
  author = {Abernethy, Jacob and Bartlett, Peter L. and Hazan, Elad},
  year = {2011},
  month = dec,
  pages = {27--46},
  publisher = {{JMLR Workshop and Conference Proceedings}},
  issn = {1938-7228},
  urldate = {2022-07-21}
}

@misc{bakhtinNoPress2021,
  title = {No-{{Press Diplomacy}} from {{Scratch}}},
  author = {Bakhtin, Anton and Wu, David and Lerer, Adam and Brown, Noam},
  year = {2021},
  month = oct,
  number = {arXiv:2110.02924},
  eprint = {2110.02924},
  primaryclass = {cs},
  publisher = {{arXiv}},
  doi = {10.48550/arXiv.2110.02924},
  urldate = {2023-06-04}
}

@book{beckFirstOrder2017,
  title = {First-{{Order Methods}} in {{Optimization}}},
  author = {Beck, Amir},
  year = {2017},
  month = oct,
  series = {{{MOS-SIAM Series}} on {{Optimization}}},
  publisher = {{Society for Industrial and Applied Mathematics}},
  doi = {10.1137/1.9781611974997},
  urldate = {2023-05-22},
  isbn = {978-1-61197-498-0}
}

@article{beckMirror2003a,
  title = {Mirror Descent and Nonlinear Projected Subgradient Methods for Convex Optimization},
  author = {Beck, Amir and Teboulle, Marc},
  year = {2003},
  month = may,
  journal = {Operations Research Letters},
  volume = {31},
  number = {3},
  pages = {167--175},
  issn = {01676377},
  doi = {10.1016/S0167-6377(02)00231-6},
  urldate = {2023-05-09}
}

@article{bellmanFunctional1959,
  title = {Functional {{Approximations}} and {{Dynamic Programming}}},
  author = {Bellman, Richard and Dreyfus, Stuart},
  year = {1959},
  journal = {Mathematical Tables and Other Aids to Computation},
  volume = {13},
  number = {68},
  eprint = {2002797},
  eprinttype = {jstor},
  pages = {247--251},
  publisher = {{American Mathematical Society}},
  issn = {0891-6837},
  doi = {10.2307/2002797},
  urldate = {2023-06-29}
}

@article{caiFiniteTime,
  title = {Finite-{{Time Last-Iterate Convergence}} for {{Learning}} in {{Multi-Player Games}}},
  author = {Cai, Yang and Oikonomou, Argyris and Zheng, Weiqiang}
}

@book{cesa-bianchiPrediction2006,
  title = {Prediction, Learning, and Games},
  author = {{Cesa-Bianchi}, Nicol?? and Lugosi, G??bor},
  year = {2006},
  publisher = {{Cambridge University Press}},
  address = {{Cambridge; New York}},
  urldate = {2022-08-08},
  isbn = {978-0-511-19178-7 978-0-511-54692-1 978-0-511-18995-1 978-0-511-19059-9 978-0-511-19091-9 978-0-511-19131-2 978-0-521-84108-5},
  annotation = {OCLC: 1104397279}
}

@inproceedings{chhablaniCounterfactual2021,
  title = {Counterfactual {{Multiagent Policy Gradients}} and {{Regret Minimization}} in {{Cooperative Settings}}},
  booktitle = {{{AAAI}}},
  author = {Chhablani, Chirag and Kash, Ian A.},
  year = {2021},
  urldate = {2023-06-05}
}

@inproceedings{coverBehavior1965,
  title = {Behavior of Sequential Predictors of Binary Sequences},
  booktitle = {Proc. of the 4th Prague Conference on Information Theory, Statistical Decision Functions and Random Processes},
  author = {Cover, T.},
  year = {1965},
  pages = {263--272},
  publisher = {{Publishing House of the Czechoslovak Academy of Sciences}}
}

@incollection{daskalakisNearOptimal2011,
  title = {Near-{{Optimal No-Regret Algorithms}} for {{Zero-Sum Games}}},
  booktitle = {Proceedings of the 2011 {{Annual ACM-SIAM Symposium}} on {{Discrete Algorithms}} ({{SODA}})},
  author = {Daskalakis, Constantinos and Deckelbaum, Alan and Kim, Anthony},
  year = {2011},
  month = jan,
  series = {Proceedings},
  pages = {235--254},
  publisher = {{Society for Industrial and Applied Mathematics}},
  doi = {10.1137/1.9781611973082.21},
  urldate = {2023-07-18},
  isbn = {978-0-89871-993-2}
}

@misc{daskalakisTraining2018,
  title = {Training {{GANs}} with {{Optimism}}},
  author = {Daskalakis, Constantinos and Ilyas, Andrew and Syrgkanis, Vasilis and Zeng, Haoyang},
  year = {2018},
  month = feb,
  number = {arXiv:1711.00141},
  eprint = {1711.00141},
  primaryclass = {cs, stat},
  publisher = {{arXiv}},
  urldate = {2023-05-22}
}

@book{facchineiFiniteDimensional2004,
  title = {Finite-{{Dimensional Variational Inequalities}} and {{Complementarity Problems}}},
  editor = {Facchinei, Francisco and Pang, Jong-Shi},
  year = {2004},
  series = {Springer {{Series}} in {{Operations Research}} and {{Financial Engineering}}},
  publisher = {{Springer}},
  address = {{New York, NY}},
  doi = {10.1007/b97543},
  urldate = {2023-05-09},
  isbn = {978-0-387-95580-3}
}

@article{foersterCounterfactual2018,
  title = {Counterfactual {{Multi-Agent Policy Gradients}}},
  author = {Foerster, Jakob and Farquhar, Gregory and Afouras, Triantafyllos and Nardelli, Nantas and Whiteson, Shimon},
  year = {2018},
  month = apr,
  journal = {Proceedings of the AAAI Conference on Artificial Intelligence},
  volume = {32},
  number = {1},
  issn = {2374-3468, 2159-5399},
  doi = {10.1609/aaai.v32i1.11794},
  urldate = {2023-06-06}
}

@misc{gidelVariational2020,
  title = {A {{Variational Inequality Perspective}} on {{Generative Adversarial Networks}}},
  author = {Gidel, Gauthier and Berard, Hugo and Vignoud, Ga{\"e}tan and Vincent, Pascal and {Lacoste-Julien}, Simon},
  year = {2020},
  month = aug,
  number = {arXiv:1802.10551},
  eprint = {1802.10551},
  primaryclass = {cs, math, stat},
  publisher = {{arXiv}},
  doi = {10.48550/arXiv.1802.10551},
  urldate = {2023-07-02}
}

@inproceedings{goodfellowGenerative2014,
  title = {Generative {{Adversarial Nets}}},
  booktitle = {Advances in {{Neural Information Processing Systems}}},
  author = {Goodfellow, Ian and {Pouget-Abadie}, Jean and Mirza, Mehdi and Xu, Bing and {Warde-Farley}, David and Ozair, Sherjil and Courville, Aaron and Bengio, Yoshua},
  year = {2014},
  volume = {27},
  publisher = {{Curran Associates, Inc.}},
  urldate = {2023-06-20}
}

@inproceedings{gorbunovExtragradient2022,
  title = {Extragradient {{Method}}: {{O}}(1/{{K}}) {{Last-Iterate Convergence}} for {{Monotone Variational Inequalities}} and {{Connections With Cocoercivity}}},
  shorttitle = {Extragradient {{Method}}},
  booktitle = {Proceedings of {{The}} 25th {{International Conference}} on {{Artificial Intelligence}} and {{Statistics}}},
  author = {Gorbunov, Eduard and Loizou, Nicolas and Gidel, Gauthier},
  year = {2022},
  month = may,
  pages = {366--402},
  publisher = {{PMLR}},
  issn = {2640-3498},
  urldate = {2023-07-04}
}

@article{heConvergence2022,
  title = {On {{Convergence}} of the {{Arrow}}\textendash{{Hurwicz Method}} for {{Saddle Point Problems}}},
  author = {He, Bingsheng and Xu, Shengjie and Yuan, Xiaoming},
  year = {2022},
  month = jul,
  journal = {Journal of Mathematical Imaging and Vision},
  volume = {64},
  number = {6},
  pages = {662--671},
  issn = {1573-7683},
  doi = {10.1007/s10851-022-01089-9},
  urldate = {2023-07-11}
}

@misc{heinrichDeep2016,
  title = {Deep {{Reinforcement Learning}} from {{Self-Play}} in {{Imperfect-Information Games}}},
  author = {Heinrich, Johannes and Silver, David},
  year = {2016},
  month = jun,
  number = {arXiv:1603.01121},
  eprint = {1603.01121},
  primaryclass = {cs},
  publisher = {{arXiv}},
  urldate = {2023-01-30}
}

@misc{hennesNeural2020,
  title = {Neural {{Replicator Dynamics}}},
  author = {Hennes, Daniel and Morrill, Dustin and Omidshafiei, Shayegan and Munos, Remi and Perolat, Julien and Lanctot, Marc and Gruslys, Audrunas and Lespiau, Jean-Baptiste and Parmas, Paavo and {Duenez-Guzman}, Edgar and Tuyls, Karl},
  year = {2020},
  month = feb,
  number = {arXiv:1906.00190},
  eprint = {1906.00190},
  primaryclass = {cs, stat},
  publisher = {{arXiv}},
  doi = {10.48550/arXiv.1906.00190},
  urldate = {2022-07-13}
}

@article{hodaSmoothing2010,
  title = {Smoothing {{Techniques}} for {{Computing Nash Equilibria}} of {{Sequential Games}}},
  author = {Hoda, Samid and Gilpin, Andrew and Pe{\~n}a, Javier and Sandholm, Tuomas},
  year = {2010},
  month = may,
  journal = {Mathematics of Operations Research},
  volume = {35},
  number = {2},
  pages = {494--512},
  issn = {0364-765X, 1526-5471},
  doi = {10.1287/moor.1100.0452},
  urldate = {2022-10-18}
}

@inproceedings{kakadeApproximately2002a,
  title = {Approximately {{Optimal Approximate Reinforcement Learning}}},
  booktitle = {International {{Conference}} on {{Machine Learning}}},
  author = {Kakade, S. and Langford, J.},
  year = {2002},
  month = jul,
  urldate = {2023-06-28}
}

@article{korpelevichextragradient1976,
  title = {The Extragradient Method for Finding Saddle Points and Other Problems},
  author = {Korpelevich, G. M.},
  year = {1976},
  journal = {Matecon},
  volume = {12},
  pages = {747--756},
  urldate = {2023-05-22}
}

@misc{lanctotOpenSpiel2020,
  title = {{{OpenSpiel}}: {{A Framework}} for {{Reinforcement Learning}} in {{Games}}},
  shorttitle = {{{OpenSpiel}}},
  author = {Lanctot, Marc and Lockhart, Edward and Lespiau, Jean-Baptiste and Zambaldi, Vinicius and Upadhyay, Satyaki and P{\'e}rolat, Julien and Srinivasan, Sriram and Timbers, Finbarr and Tuyls, Karl and Omidshafiei, Shayegan and Hennes, Daniel and Morrill, Dustin and Muller, Paul and Ewalds, Timo and Faulkner, Ryan and Kram{\'a}r, J{\'a}nos and De Vylder, Bart and Saeta, Brennan and Bradbury, James and Ding, David and Borgeaud, Sebastian and Lai, Matthew and Schrittwieser, Julian and Anthony, Thomas and Hughes, Edward and Danihelka, Ivo and {Ryan-Davis}, Jonah},
  year = {2020},
  month = sep,
  number = {arXiv:1908.09453},
  eprint = {1908.09453},
  primaryclass = {cs},
  publisher = {{arXiv}},
  doi = {10.48550/arXiv.1908.09453},
  urldate = {2023-07-18}
}

@misc{liangRLlib2018,
  title = {{{RLlib}}: {{Abstractions}} for {{Distributed Reinforcement Learning}}},
  shorttitle = {{{RLlib}}},
  author = {Liang, Eric and Liaw, Richard and Moritz, Philipp and Nishihara, Robert and Fox, Roy and Goldberg, Ken and Gonzalez, Joseph E. and Jordan, Michael I. and Stoica, Ion},
  year = {2018},
  month = jun,
  number = {arXiv:1712.09381},
  eprint = {1712.09381},
  primaryclass = {cs},
  publisher = {{arXiv}},
  urldate = {2023-06-06}
}

@misc{lingWhat2018,
  title = {What Game Are We Playing? {{End-to-end}} Learning in Normal and Extensive Form Games},
  shorttitle = {What Game Are We Playing?},
  author = {Ling, Chun Kai and Fang, Fei and Kolter, J. Zico},
  year = {2018},
  month = jun,
  number = {arXiv:1805.02777},
  eprint = {1805.02777},
  primaryclass = {cs, stat},
  publisher = {{arXiv}},
  doi = {10.48550/arXiv.1805.02777},
  urldate = {2023-01-10}
}

@misc{Liquid,
  title = {Liquid {{Time-constant Networks}} - {{Google Search}}},
  urldate = {2023-07-16},
  howpublished = {https://www.google.com/search?q=Liquid+Time-constant+Networks\&sourceid=chrome\&ie=UTF-8}
}

@article{mckelveyQuantal1995,
  title = {Quantal {{Response Equilibria}} for {{Normal Form Games}}},
  author = {McKelvey, Richard D. and Palfrey, Thomas R.},
  year = {1995},
  month = jul,
  journal = {Games and Economic Behavior},
  volume = {10},
  number = {1},
  pages = {6--38},
  issn = {0899-8256},
  doi = {10.1006/game.1995.1023},
  urldate = {2023-05-31}
}

@article{mckelveyQuantal1998,
  title = {Quantal {{Response Equilibria}} for {{Extensive Form Games}}},
  author = {Mckelvey, Richard D. and Palfrey, Thomas R.},
  year = {1998},
  month = jun,
  journal = {Experimental Economics},
  volume = {1},
  number = {1},
  pages = {9--41},
  issn = {1573-6938},
  doi = {10.1023/A:1009905800005},
  urldate = {2023-05-29}
}

@article{mertikopoulosOptimistic2019,
  title = {Optimistic {{Mirror Descent}} in {{Saddle-Point Problems}}: {{Going}} the {{Extra}} ({{Gradient}}) {{Mile}}},
  author = {Mertikopoulos, Panayotis and Lecouat, Bruno and Zenati, Houssam and Foo, Chuan-Sheng and Chandrasekhar, Vijay and Piliouras, Georgios},
  year = {2019}
}

@inproceedings{mokhtariUnified2020,
  title = {A {{Unified Analysis}} of {{Extra-gradient}} and {{Optimistic Gradient Methods}} for {{Saddle Point Problems}}: {{Proximal Point Approach}}},
  shorttitle = {A {{Unified Analysis}} of {{Extra-gradient}} and {{Optimistic Gradient Methods}} for {{Saddle Point Problems}}},
  booktitle = {Proceedings of the {{Twenty Third International Conference}} on {{Artificial Intelligence}} and {{Statistics}}},
  author = {Mokhtari, Aryan and Ozdaglar, Asuman and Pattathil, Sarath},
  year = {2020},
  month = jun,
  pages = {1497--1507},
  publisher = {{PMLR}},
  issn = {2640-3498},
  urldate = {2023-02-02}
}

@article{perolatMastering2022,
  title = {Mastering the {{Game}} of {{Stratego}} with {{Model-Free Multiagent Reinforcement Learning}}},
  author = {Perolat, Julien and {de Vylder}, Bart and Hennes, Daniel and Tarassov, Eugene and Strub, Florian and {de Boer}, Vincent and Muller, Paul and Connor, Jerome T. and Burch, Neil and Anthony, Thomas and McAleer, Stephen and Elie, Romuald and Cen, Sarah H. and Wang, Zhe and Gruslys, Audrunas and Malysheva, Aleksandra and Khan, Mina and Ozair, Sherjil and Timbers, Finbarr and Pohlen, Toby and Eccles, Tom and Rowland, Mark and Lanctot, Marc and Lespiau, Jean-Baptiste and Piot, Bilal and Omidshafiei, Shayegan and Lockhart, Edward and Sifre, Laurent and Beauguerlange, Nathalie and Munos, Remi and Silver, David and Singh, Satinder and Hassabis, Demis and Tuyls, Karl},
  year = {2022},
  month = dec,
  journal = {Science},
  volume = {378},
  number = {6623},
  eprint = {2206.15378},
  primaryclass = {cs},
  pages = {990--996},
  issn = {0036-8075, 1095-9203},
  doi = {10.1126/science.add4679},
  urldate = {2023-06-05}
}

@inproceedings{perolatPoincare2021,
  title = {From {{Poincar\'e Recurrence}} to {{Convergence}} in {{Imperfect Information Games}}: {{Finding Equilibrium}} via {{Regularization}}},
  shorttitle = {From {{Poincar\'e Recurrence}} to {{Convergence}} in {{Imperfect Information Games}}},
  booktitle = {Proceedings of the 38th {{International Conference}} on {{Machine Learning}}},
  author = {Perolat, Julien and Munos, Remi and Lespiau, Jean-Baptiste and Omidshafiei, Shayegan and Rowland, Mark and Ortega, Pedro and Burch, Neil and Anthony, Thomas and Balduzzi, David and Vylder, Bart De and Piliouras, Georgios and Lanctot, Marc and Tuyls, Karl},
  year = {2021},
  month = jul,
  pages = {8525--8535},
  publisher = {{PMLR}},
  issn = {2640-3498},
  urldate = {2023-06-05}
}

@article{popovmodification1980,
  title = {A Modification of the {{Arrow-Hurwicz}} Method for Search of Saddle Points},
  author = {Popov, L. D.},
  year = {1980},
  month = nov,
  journal = {Mathematical notes of the Academy of Sciences of the USSR},
  volume = {28},
  number = {5},
  pages = {845--848},
  issn = {1573-8876},
  doi = {10.1007/BF01141092},
  urldate = {2023-06-20}
}

@misc{rakhlinOptimization2013,
  title = {Optimization, {{Learning}}, and {{Games}} with {{Predictable Sequences}}},
  author = {Rakhlin, Alexander and Sridharan, Karthik},
  year = {2013},
  month = nov,
  number = {arXiv:1311.1869},
  eprint = {1311.1869},
  primaryclass = {cs},
  publisher = {{arXiv}},
  urldate = {2023-06-20}
}

@article{rockafellarMonotone1976,
  title = {Monotone {{Operators}} and the {{Proximal Point Algorithm}}},
  author = {Rockafellar, R. Tyrrell},
  year = {1976},
  month = aug,
  journal = {SIAM Journal on Control and Optimization},
  volume = {14},
  number = {5},
  pages = {877--898},
  issn = {0363-0129, 1095-7138},
  doi = {10.1137/0314056},
  urldate = {2023-06-27}
}

@misc{schulmanHighDimensional2018,
  title = {High-{{Dimensional Continuous Control Using Generalized Advantage Estimation}}},
  author = {Schulman, John and Moritz, Philipp and Levine, Sergey and Jordan, Michael and Abbeel, Pieter},
  year = {2018},
  month = oct,
  number = {arXiv:1506.02438},
  eprint = {1506.02438},
  primaryclass = {cs},
  publisher = {{arXiv}},
  urldate = {2023-07-18}
}

@misc{schulmanProximal2017,
  title = {Proximal {{Policy Optimization Algorithms}}},
  author = {Schulman, John and Wolski, Filip and Dhariwal, Prafulla and Radford, Alec and Klimov, Oleg},
  year = {2017},
  month = aug,
  number = {arXiv:1707.06347},
  eprint = {1707.06347},
  primaryclass = {cs},
  publisher = {{arXiv}},
  doi = {10.48550/arXiv.1707.06347},
  urldate = {2022-09-27}
}

@inproceedings{schulmanTrust2015,
  title = {Trust {{Region Policy Optimization}}},
  booktitle = {Proceedings of the 32nd {{International Conference}} on {{Machine Learning}}},
  author = {Schulman, John and Levine, Sergey and Abbeel, Pieter and Jordan, Michael and Moritz, Philipp},
  year = {2015},
  month = jun,
  pages = {1889--1897},
  publisher = {{PMLR}},
  issn = {1938-7228},
  urldate = {2023-05-09}
}

@article{shalev-shwartzOnline2012,
  title = {Online {{Learning}} and {{Online Convex Optimization}}},
  author = {{Shalev-Shwartz}, Shai},
  year = {2012},
  journal = {Foundations and Trends\textregistered{} in Machine Learning},
  volume = {4},
  number = {2},
  pages = {107--194},
  issn = {1935-8237, 1935-8245},
  doi = {10.1561/2200000018},
  urldate = {2023-01-14}
}

@article{shalev-shwartzOnlinea,
  title = {Online {{Learning}}: {{Theory}}, {{Algorithms}}, and {{Applications}}},
  author = {{Shalev-Shwartz}, Shai}
}

@article{shalev-shwartzprimaldual2007,
  title = {A Primal-Dual Perspective of Online Learning Algorithms},
  author = {{Shalev-Shwartz}, Shai and Singer, Yoram},
  year = {2007},
  month = dec,
  journal = {Machine Learning},
  volume = {69},
  number = {2},
  pages = {115--142},
  issn = {1573-0565},
  doi = {10.1007/s10994-007-5014-x},
  urldate = {2023-07-17}
}

@article{shaniAdaptive2020,
  title = {Adaptive {{Trust Region Policy Optimization}}: {{Global Convergence}} and {{Faster Rates}} for {{Regularized MDPs}}},
  shorttitle = {Adaptive {{Trust Region Policy Optimization}}},
  author = {Shani, Lior and Efroni, Yonathan and Mannor, Shie},
  year = {2020},
  month = apr,
  journal = {Proceedings of the AAAI Conference on Artificial Intelligence},
  volume = {34},
  number = {04},
  pages = {5668--5675},
  issn = {2374-3468},
  doi = {10.1609/aaai.v34i04.6021},
  urldate = {2023-06-11},
  copyright = {Copyright (c) 2020 Association for the Advancement of Artificial Intelligence}
}

@book{shohamMultiagent2008,
  title = {Multiagent {{Systems}}: {{Algorithmic}}, {{Game-Theoretic}}, and {{Logical Foundations}}},
  shorttitle = {Multiagent {{Systems}}},
  author = {Shoham, Yoav and {Leyton-Brown}, Kevin},
  year = {2008},
  month = dec,
  publisher = {{Cambridge University Press}},
  googlebooks = {bMR\_qScakukC},
  isbn = {978-1-139-47524-2}
}

@inproceedings{sokotaUnified2023,
  title = {A {{Unified Approach}} to {{Reinforcement Learning}}, {{Quantal Response Equilibria}}, and {{Two-Player Zero-Sum Games}}},
  booktitle = {The {{Eleventh International Conference}} on {{Learning Representations}}},
  author = {Sokota, Samuel and D'Orazio, Ryan and Kolter, J. Zico and Loizou, Nicolas and Lanctot, Marc and Mitliagkas, Ioannis and Brown, Noam and Kroer, Christian},
  year = {2023},
  month = feb,
  urldate = {2023-06-06}
}

@article{sullinsIncreased2020,
  title = {Increased {{Optimism}} in {{Multi-Agent Policy Gradients}}},
  author = {Sullins, Michael and Kash, Ian A},
  year = {2020},
  journal = {ALA}
}

@book{suttonReinforcement2018,
  title = {Reinforcement Learning: An Introduction},
  shorttitle = {Reinforcement Learning},
  author = {Sutton, Richard S. and Barto, Andrew G.},
  year = {2018},
  series = {Adaptive Computation and Machine Learning Series},
  edition = {Second edition},
  publisher = {{The MIT Press}},
  address = {{Cambridge, Massachusetts}},
  isbn = {978-0-262-03924-6},
  lccn = {Q325.6 .R45 2018}
}

@inproceedings{timbersApproximate2022,
  title = {Approximate {{Exploitability}}: {{Learning}} a {{Best Response}}},
  shorttitle = {Approximate {{Exploitability}}},
  booktitle = {Thirty-{{First International Joint Conference}} on {{Artificial Intelligence}}},
  author = {Timbers, Finbarr and Bard, Nolan and Lockhart, Edward and Lanctot, Marc and Schmid, Martin and Burch, Neil and Schrittwieser, Julian and Hubert, Thomas and Bowling, Michael},
  year = {2022},
  month = jul,
  volume = {4},
  pages = {3487--3493},
  issn = {1045-0823},
  doi = {10.24963/ijcai.2022/484},
  urldate = {2023-05-09}
}

@inproceedings{tomarMirror2022,
  title = {Mirror {{Descent Policy Optimization}}},
  booktitle = {International {{Conference}} on {{Learning Representations}}},
  author = {Tomar, Manan and Shani, Lior and Efroni, Yonathan and Ghavamzadeh, Mohammad},
  year = {2022},
  month = jan,
  urldate = {2023-06-11}
}

@article{tsengApproximation2010,
  title = {Approximation Accuracy, Gradient Methods, and Error Bound for Structured Convex Optimization},
  author = {Tseng, Paul},
  year = {2010},
  month = oct,
  journal = {Mathematical Programming},
  volume = {125},
  number = {2},
  pages = {263--295},
  issn = {1436-4646},
  doi = {10.1007/s10107-010-0394-2},
  urldate = {2023-05-09}
}

@article{tsenglinear1995,
  title = {On Linear Convergence of Iterative Methods for the Variational Inequality Problem},
  author = {Tseng, Paul},
  year = {1995},
  month = jun,
  journal = {Journal of Computational and Applied Mathematics},
  series = {Proceedings of the {{International Meeting}} on {{Linear}}/{{Nonlinear Iterative Methods}} and {{Verification}} of {{Solution}}},
  volume = {60},
  number = {1},
  pages = {237--252},
  issn = {0377-0427},
  doi = {10.1016/0377-0427(94)00094-H},
  urldate = {2023-06-06}
}

@article{tuylsMultiagent2012,
  title = {Multiagent {{Learning}}: {{Basics}}, {{Challenges}}, and {{Prospects}}},
  shorttitle = {Multiagent {{Learning}}},
  author = {Tuyls, Karl and Weiss, Gerhard},
  year = {2012},
  month = sep,
  journal = {AI Magazine},
  volume = {33},
  number = {3},
  pages = {41--41},
  issn = {2371-9621},
  doi = {10.1609/aimag.v33i3.2426},
  urldate = {2023-06-13},
  copyright = {Copyright (c)}
}

@article{weiLINEAR2021,
  title = {{{LINEAR LAST-ITERATE CONVERGENCE IN CON- STRAINED SADDLE-POINT OPTIMIZATION}}},
  author = {Wei, Chen-Yu and Lee, Chung-Wei and Zhang, Mengxiao and Luo, Haipeng},
  year = {2021}
}

@inproceedings{zinkevichRegret2007,
  title = {Regret {{Minimization}} in {{Games}} with {{Incomplete Information}}},
  booktitle = {Advances in {{Neural Information Processing Systems}}},
  author = {Zinkevich, Martin and Johanson, Michael and Bowling, Michael and Piccione, Carmelo},
  year = {2007},
  volume = {20},
  publisher = {{Curran Associates, Inc.}},
  urldate = {2022-07-21}
}
