
@inproceedings{korpelevichextragradient1976,
	title = {The extragradient method for finding saddle points and other problems},
	url = {https://www.semanticscholar.org/paper/The-extragradient-method-for-finding-saddle-points-Korpelevich/67e9b53e762ea737d44930c7a14485a5945429c8},
	abstract = {Semantic Scholar extracted view of "The extragradient method for finding saddle points and other problems" by G. M. Korpelevich},
	urldate = {2023-05-22},
	author = {Korpelevich, G. M.},
	year = {1976},
	file = {extragrad.pdf:/home/slurp/Zotero/storage/F3Y9RYZL/extragrad.pdf:application/pdf},
}
