@inproceedings{abernethyBlackwell2011,
  title = {Blackwell {{Approachability}} and {{No-Regret Learning}} Are {{Equivalent}}},
  booktitle = {Proceedings of the 24th {{Annual Conference}} on {{Learning Theory}}},
  author = {Abernethy, Jacob and Bartlett, Peter L. and Hazan, Elad},
  year = {2011},
  month = dec,
  pages = {27--46},
  publisher = {{JMLR Workshop and Conference Proceedings}},
  issn = {1938-7228},
  urldate = {2022-07-21}
}

@misc{bakhtinNoPress2021,
  title = {No-{{Press Diplomacy}} from {{Scratch}}},
  author = {Bakhtin, Anton and Wu, David and Lerer, Adam and Brown, Noam},
  year = {2021},
  month = oct,
  number = {arXiv:2110.02924},
  eprint = {2110.02924},
  primaryclass = {cs},
  publisher = {{arXiv}},
  doi = {10.48550/arXiv.2110.02924},
  urldate = {2023-06-04}
}

@book{beckFirstOrder2017,
  title = {First-{{Order Methods}} in {{Optimization}}},
  author = {Beck, Amir},
  year = {2017},
  month = oct,
  series = {{{MOS-SIAM Series}} on {{Optimization}}},
  publisher = {{Society for Industrial and Applied Mathematics}},
  doi = {10.1137/1.9781611974997},
  urldate = {2023-05-22},
  isbn = {978-1-61197-498-0}
}

@article{beckMirror2003a,
  title = {Mirror Descent and Nonlinear Projected Subgradient Methods for Convex Optimization},
  author = {Beck, Amir and Teboulle, Marc},
  year = {2003},
  month = may,
  journal = {Operations Research Letters},
  volume = {31},
  number = {3},
  pages = {167--175},
  issn = {01676377},
  doi = {10.1016/S0167-6377(02)00231-6},
  urldate = {2023-05-09}
}

@misc{bubeckConvex2015,
  title = {Convex {{Optimization}}: {{Algorithms}} and {{Complexity}}},
  shorttitle = {Convex {{Optimization}}},
  author = {Bubeck, S{\'e}bastien},
  year = {2015},
  month = nov,
  number = {arXiv:1405.4980},
  eprint = {1405.4980},
  primaryclass = {cs, math, stat},
  publisher = {{arXiv}},
  urldate = {2022-12-15}
}

@inproceedings{chhablaniCounterfactual2021,
  title = {Counterfactual {{Multiagent Policy Gradients}} and {{Regret Minimization}} in {{Cooperative Settings}}},
  booktitle = {{{AAAI}}},
  author = {Chhablani, Chirag and Kash, Ian A.},
  year = {2021},
  urldate = {2023-06-05}
}

@book{facchineiFiniteDimensional2004,
  title = {Finite-{{Dimensional Variational Inequalities}} and {{Complementarity Problems}}},
  editor = {Facchinei, Francisco and Pang, Jong-Shi},
  year = {2004},
  series = {Springer {{Series}} in {{Operations Research}} and {{Financial Engineering}}},
  publisher = {{Springer}},
  address = {{New York, NY}},
  doi = {10.1007/b97543},
  urldate = {2023-05-09},
  isbn = {978-0-387-95580-3}
}

@article{foersterCounterfactual2018,
  title = {Counterfactual {{Multi-Agent Policy Gradients}}},
  author = {Foerster, Jakob and Farquhar, Gregory and Afouras, Triantafyllos and Nardelli, Nantas and Whiteson, Shimon},
  year = {2018},
  month = apr,
  journal = {Proceedings of the AAAI Conference on Artificial Intelligence},
  volume = {32},
  number = {1},
  issn = {2374-3468, 2159-5399},
  doi = {10.1609/aaai.v32i1.11794},
  urldate = {2023-06-06}
}

@misc{hennesNeural2020,
  title = {Neural {{Replicator Dynamics}}},
  author = {Hennes, Daniel and Morrill, Dustin and Omidshafiei, Shayegan and Munos, Remi and Perolat, Julien and Lanctot, Marc and Gruslys, Audrunas and Lespiau, Jean-Baptiste and Parmas, Paavo and {Duenez-Guzman}, Edgar and Tuyls, Karl},
  year = {2020},
  month = feb,
  number = {arXiv:1906.00190},
  eprint = {1906.00190},
  primaryclass = {cs, stat},
  publisher = {{arXiv}},
  doi = {10.48550/arXiv.1906.00190},
  urldate = {2022-07-13}
}

@article{hodaSmoothing2010,
  title = {Smoothing {{Techniques}} for {{Computing Nash Equilibria}} of {{Sequential Games}}},
  author = {Hoda, Samid and Gilpin, Andrew and Pe{\~n}a, Javier and Sandholm, Tuomas},
  year = {2010},
  month = may,
  journal = {Mathematics of Operations Research},
  volume = {35},
  number = {2},
  pages = {494--512},
  issn = {0364-765X, 1526-5471},
  doi = {10.1287/moor.1100.0452},
  urldate = {2022-10-18}
}

@inproceedings{korpelevichextragradient1976,
  title = {The Extragradient Method for Finding Saddle Points and Other Problems},
  author = {Korpelevich, G. M.},
  year = {1976},
  urldate = {2023-05-22}
}

@misc{lingWhat2018,
  title = {What Game Are We Playing? {{End-to-end}} Learning in Normal and Extensive Form Games},
  shorttitle = {What Game Are We Playing?},
  author = {Ling, Chun Kai and Fang, Fei and Kolter, J. Zico},
  year = {2018},
  month = jun,
  number = {arXiv:1805.02777},
  eprint = {1805.02777},
  primaryclass = {cs, stat},
  publisher = {{arXiv}},
  doi = {10.48550/arXiv.1805.02777},
  urldate = {2023-01-10}
}

@article{mckelveyQuantal1995,
  title = {Quantal {{Response Equilibria}} for {{Normal Form Games}}},
  author = {McKelvey, Richard D. and Palfrey, Thomas R.},
  year = {1995},
  month = jul,
  journal = {Games and Economic Behavior},
  volume = {10},
  number = {1},
  pages = {6--38},
  issn = {0899-8256},
  doi = {10.1006/game.1995.1023},
  urldate = {2023-05-31}
}

@article{mextragradient1976,
  title = {The Extragradient Method for Finding Saddle Points and Other Problems},
  author = {M, Korpelevich G.},
  year = {1976},
  journal = {Matecon},
  volume = {12},
  pages = {747--756},
  urldate = {2023-05-22}
}

@inproceedings{mokhtariUnified2020,
  title = {A {{Unified Analysis}} of {{Extra-gradient}} and {{Optimistic Gradient Methods}} for {{Saddle Point Problems}}: {{Proximal Point Approach}}},
  shorttitle = {A {{Unified Analysis}} of {{Extra-gradient}} and {{Optimistic Gradient Methods}} for {{Saddle Point Problems}}},
  booktitle = {Proceedings of the {{Twenty Third International Conference}} on {{Artificial Intelligence}} and {{Statistics}}},
  author = {Mokhtari, Aryan and Ozdaglar, Asuman and Pattathil, Sarath},
  year = {2020},
  month = jun,
  pages = {1497--1507},
  publisher = {{PMLR}},
  issn = {2640-3498},
  urldate = {2023-02-02}
}

@article{perolatMastering2022,
  title = {Mastering the {{Game}} of {{Stratego}} with {{Model-Free Multiagent Reinforcement Learning}}},
  author = {Perolat, Julien and {de Vylder}, Bart and Hennes, Daniel and Tarassov, Eugene and Strub, Florian and {de Boer}, Vincent and Muller, Paul and Connor, Jerome T. and Burch, Neil and Anthony, Thomas and McAleer, Stephen and Elie, Romuald and Cen, Sarah H. and Wang, Zhe and Gruslys, Audrunas and Malysheva, Aleksandra and Khan, Mina and Ozair, Sherjil and Timbers, Finbarr and Pohlen, Toby and Eccles, Tom and Rowland, Mark and Lanctot, Marc and Lespiau, Jean-Baptiste and Piot, Bilal and Omidshafiei, Shayegan and Lockhart, Edward and Sifre, Laurent and Beauguerlange, Nathalie and Munos, Remi and Silver, David and Singh, Satinder and Hassabis, Demis and Tuyls, Karl},
  year = {2022},
  month = dec,
  journal = {Science},
  volume = {378},
  number = {6623},
  eprint = {2206.15378},
  primaryclass = {cs},
  pages = {990--996},
  issn = {0036-8075, 1095-9203},
  doi = {10.1126/science.add4679},
  urldate = {2023-06-05}
}

@inproceedings{perolatPoincare2021,
  title = {From {{Poincar\'e Recurrence}} to {{Convergence}} in {{Imperfect Information Games}}: {{Finding Equilibrium}} via {{Regularization}}},
  shorttitle = {From {{Poincar\'e Recurrence}} to {{Convergence}} in {{Imperfect Information Games}}},
  booktitle = {Proceedings of the 38th {{International Conference}} on {{Machine Learning}}},
  author = {Perolat, Julien and Munos, Remi and Lespiau, Jean-Baptiste and Omidshafiei, Shayegan and Rowland, Mark and Ortega, Pedro and Burch, Neil and Anthony, Thomas and Balduzzi, David and Vylder, Bart De and Piliouras, Georgios and Lanctot, Marc and Tuyls, Karl},
  year = {2021},
  month = jul,
  pages = {8525--8535},
  publisher = {{PMLR}},
  issn = {2640-3498},
  urldate = {2023-06-05}
}

@inproceedings{schulmanTrust2015,
  title = {Trust {{Region Policy Optimization}}},
  booktitle = {Proceedings of the 32nd {{International Conference}} on {{Machine Learning}}},
  author = {Schulman, John and Levine, Sergey and Abbeel, Pieter and Jordan, Michael and Moritz, Philipp},
  year = {2015},
  month = jun,
  pages = {1889--1897},
  publisher = {{PMLR}},
  issn = {1938-7228},
  urldate = {2023-05-09}
}

@article{shalev-shwartzOnline,
  title = {Online {{Learning}}: {{Theory}}, {{Algorithms}}, and {{Applications}}},
  author = {{Shalev-Shwartz}, Shai}
}

@article{shalev-shwartzOnline2011,
  title = {Online {{Learning}} and {{Online Convex Optimization}}},
  author = {{Shalev-Shwartz}, Shai},
  year = {2011},
  journal = {Foundations and Trends\textregistered{} in Machine Learning},
  volume = {4},
  number = {2},
  pages = {107--194},
  issn = {1935-8237, 1935-8245},
  doi = {10.1561/2200000018},
  urldate = {2023-01-14}
}

@inproceedings{sokotaUnified2023,
  title = {A {{Unified Approach}} to {{Reinforcement Learning}}, {{Quantal Response Equilibria}}, and {{Two-Player Zero-Sum Games}}},
  booktitle = {The {{Eleventh International Conference}} on {{Learning Representations}}},
  author = {Sokota, Samuel and D'Orazio, Ryan and Kolter, J. Zico and Loizou, Nicolas and Lanctot, Marc and Mitliagkas, Ioannis and Brown, Noam and Kroer, Christian},
  year = {2023},
  month = feb,
  urldate = {2023-06-06}
}

@inproceedings{timbersApproximate2022,
  title = {Approximate {{Exploitability}}: {{Learning}} a {{Best Response}}},
  shorttitle = {Approximate {{Exploitability}}},
  booktitle = {Thirty-{{First International Joint Conference}} on {{Artificial Intelligence}}},
  author = {Timbers, Finbarr and Bard, Nolan and Lockhart, Edward and Lanctot, Marc and Schmid, Martin and Burch, Neil and Schrittwieser, Julian and Hubert, Thomas and Bowling, Michael},
  year = {2022},
  month = jul,
  volume = {4},
  pages = {3487--3493},
  issn = {1045-0823},
  doi = {10.24963/ijcai.2022/484},
  urldate = {2023-05-09}
}

@article{tsengApproximation2010,
  title = {Approximation Accuracy, Gradient Methods, and Error Bound for Structured Convex Optimization},
  author = {Tseng, Paul},
  year = {2010},
  month = oct,
  journal = {Mathematical Programming},
  volume = {125},
  number = {2},
  pages = {263--295},
  issn = {1436-4646},
  doi = {10.1007/s10107-010-0394-2},
  urldate = {2023-05-09}
}

@article{tsenglinear1995,
  title = {On Linear Convergence of Iterative Methods for the Variational Inequality Problem},
  author = {Tseng, Paul},
  year = {1995},
  month = jun,
  journal = {Journal of Computational and Applied Mathematics},
  series = {Proceedings of the {{International Meeting}} on {{Linear}}/{{Nonlinear Iterative Methods}} and {{Verification}} of {{Solution}}},
  volume = {60},
  number = {1},
  pages = {237--252},
  issn = {0377-0427},
  doi = {10.1016/0377-0427(94)00094-H},
  urldate = {2023-06-06}
}

@misc{Weights2023,
  title = {Weights \& {{Biases}}},
  year = {2023},
  month = jun,
  journal = {W\&B},
  urldate = {2023-06-05},
  howpublished = {https://wandb.ai/similarity-based-value-smoothing/thesis/reports/Untitled-Report--Vmlldzo0NTY0NTgz/edit}
}

@inproceedings{zinkevichRegret2007,
  title = {Regret {{Minimization}} in {{Games}} with {{Incomplete Information}}},
  booktitle = {Advances in {{Neural Information Processing Systems}}},
  author = {Zinkevich, Martin and Johanson, Michael and Bowling, Michael and Piccione, Carmelo},
  year = {2007},
  volume = {20},
  publisher = {{Curran Associates, Inc.}},
  urldate = {2022-07-21}
}
